/Users/yuhao/Documents/bib/refs.bib